%YAML 1.1
%TAG !u! tag:unity3d.com,2011:
--- !u!1 &2897078178137139306
GameObject:
  m_ObjectHideFlags: 0
  m_CorrespondingSourceObject: {fileID: 0}
  m_PrefabInstance: {fileID: 0}
  m_PrefabAsset: {fileID: 0}
  serializedVersion: 6
  m_Component:
  - component: {fileID: 5773132883839718220}
  - component: {fileID: 7576771242516636161}
  - component: {fileID: 1543877427138804885}
  - component: {fileID: 2246555663205942165}
  - component: {fileID: 2447835791514012109}
  - component: {fileID: -8865806540465542690}
  - component: {fileID: 277386729483281811}
  m_Layer: 0
  m_Name: Projectile
  m_TagString: Untagged
  m_Icon: {fileID: 0}
  m_NavMeshLayer: 0
  m_StaticEditorFlags: 0
  m_IsActive: 1
--- !u!4 &5773132883839718220
Transform:
  m_ObjectHideFlags: 0
  m_CorrespondingSourceObject: {fileID: 0}
  m_PrefabInstance: {fileID: 0}
  m_PrefabAsset: {fileID: 0}
  m_GameObject: {fileID: 2897078178137139306}
  m_LocalRotation: {x: 0, y: 0, z: 0, w: 1}
  m_LocalPosition: {x: 0, y: 0, z: 0}
  m_LocalScale: {x: 0.25, y: 0.25, z: 0.25}
  m_Children: []
  m_Father: {fileID: 0}
  m_RootOrder: 0
  m_LocalEulerAnglesHint: {x: 0, y: 0, z: 0}
--- !u!212 &7576771242516636161
SpriteRenderer:
  m_ObjectHideFlags: 0
  m_CorrespondingSourceObject: {fileID: 0}
  m_PrefabInstance: {fileID: 0}
  m_PrefabAsset: {fileID: 0}
  m_GameObject: {fileID: 2897078178137139306}
  m_Enabled: 1
  m_CastShadows: 0
  m_ReceiveShadows: 0
  m_DynamicOccludee: 1
  m_MotionVectors: 1
  m_LightProbeUsage: 1
  m_ReflectionProbeUsage: 1
  m_RayTracingMode: 0
  m_RayTraceProcedural: 0
  m_RenderingLayerMask: 1
  m_RendererPriority: 0
  m_Materials:
  - {fileID: 10754, guid: 0000000000000000f000000000000000, type: 0}
  m_StaticBatchInfo:
    firstSubMesh: 0
    subMeshCount: 0
  m_StaticBatchRoot: {fileID: 0}
  m_ProbeAnchor: {fileID: 0}
  m_LightProbeVolumeOverride: {fileID: 0}
  m_ScaleInLightmap: 1
  m_ReceiveGI: 1
  m_PreserveUVs: 0
  m_IgnoreNormalsForChartDetection: 0
  m_ImportantGI: 0
  m_StitchLightmapSeams: 1
  m_SelectedEditorRenderState: 0
  m_MinimumChartSize: 4
  m_AutoUVMaxDistance: 0.5
  m_AutoUVMaxAngle: 89
  m_LightmapParameters: {fileID: 0}
  m_SortingLayerID: 0
  m_SortingLayer: 0
  m_SortingOrder: 0
  m_Sprite: {fileID: -2413806693520163455, guid: ebe73ca9363db456bacf42c025bb4847, type: 3}
  m_Color: {r: 1, g: 1, b: 1, a: 1}
  m_FlipX: 0
  m_FlipY: 0
  m_DrawMode: 0
  m_Size: {x: 0.2, y: 0.2}
  m_AdaptiveModeThreshold: 0.5
  m_SpriteTileMode: 0
  m_WasSpriteAssigned: 1
  m_MaskInteraction: 0
  m_SpriteSortPoint: 0
--- !u!114 &1543877427138804885
MonoBehaviour:
  m_ObjectHideFlags: 0
  m_CorrespondingSourceObject: {fileID: 0}
  m_PrefabInstance: {fileID: 0}
  m_PrefabAsset: {fileID: 0}
  m_GameObject: {fileID: 2897078178137139306}
  m_Enabled: 1
  m_EditorHideFlags: 0
  m_Script: {fileID: 11500000, guid: b275e5f92732148048d7b77e264ac30e, type: 3}
  m_Name: 
  m_EditorClassIdentifier: 
  m_ShapeType: 2
  m_PrimitiveCenter:
    x: 0
    y: 0
    z: 0
  m_PrimitiveSize:
    x: 1
    y: 1
    z: 1
  m_PrimitiveOrientation:
    Value:
      x: -0
      y: 0
      z: 0
    RotationOrder: 4
  m_Capsule:
    Height: 1
    Radius: 0.5
    Axis: 2
  m_Cylinder:
    Height: 1
    Radius: 0.5
    Axis: 2
  m_CylinderSideCount: 20
  m_SphereRadius: 0.5
  m_MinimumSkinnedVertexWeight: 0.1
  m_ConvexHullGenerationParameters:
    m_SimplificationTolerance: 0.015
    m_BevelRadius: 0.05
    m_MinimumAngle: 2.5000002
  m_CustomMesh: {fileID: 0}
  m_ForceUnique: 0
  m_Material:
    m_SupportsTemplate: 1
    m_Template: {fileID: 0}
    m_CollisionResponse:
      m_Override: 0
      m_Value: 0
    m_Friction:
      m_Override: 0
      m_Value:
        Value: 0.2
        CombineMode: 0
    m_Restitution:
      m_Override: 0
      m_Value:
        Value: 0.1
        CombineMode: 2
    m_BelongsToCategories:
      m_Override: 0
      m_Value:
        Category00: 1
        Category01: 1
        Category02: 1
        Category03: 1
        Category04: 1
        Category05: 1
        Category06: 1
        Category07: 1
        Category08: 1
        Category09: 1
        Category10: 1
        Category11: 1
        Category12: 1
        Category13: 1
        Category14: 1
        Category15: 1
        Category16: 1
        Category17: 1
        Category18: 1
        Category19: 1
        Category20: 1
        Category21: 1
        Category22: 1
        Category23: 1
        Category24: 1
        Category25: 1
        Category26: 1
        Category27: 1
        Category28: 1
        Category29: 1
        Category30: 1
        Category31: 1
    m_CollidesWithCategories:
      m_Override: 0
      m_Value:
        Category00: 1
        Category01: 1
        Category02: 0
        Category03: 1
        Category04: 0
        Category05: 0
        Category06: 0
        Category07: 0
        Category08: 0
        Category09: 0
        Category10: 0
        Category11: 0
        Category12: 0
        Category13: 0
        Category14: 0
        Category15: 0
        Category16: 0
        Category17: 0
        Category18: 0
        Category19: 0
        Category20: 0
        Category21: 0
        Category22: 0
        Category23: 0
        Category24: 0
        Category25: 0
        Category26: 0
        Category27: 0
        Category28: 0
        Category29: 0
        Category30: 0
        Category31: 0
    m_CustomMaterialTags:
      m_Override: 0
      m_Value:
        Tag00: 0
        Tag01: 0
        Tag02: 0
        Tag03: 0
        Tag04: 0
        Tag05: 0
        Tag06: 0
        Tag07: 0
    m_SerializedVersion: 1
  m_SerializedVersion: 1
--- !u!114 &2246555663205942165
MonoBehaviour:
  m_ObjectHideFlags: 0
  m_CorrespondingSourceObject: {fileID: 0}
  m_PrefabInstance: {fileID: 0}
  m_PrefabAsset: {fileID: 0}
  m_GameObject: {fileID: 2897078178137139306}
  m_Enabled: 1
  m_EditorHideFlags: 0
  m_Script: {fileID: 11500000, guid: ccea9ea98e38942e0b0938c27ed1903e, type: 3}
  m_Name: 
  m_EditorClassIdentifier: 
  m_MotionType: 0
  m_Smoothing: 0
  m_Mass: 0.3
  m_LinearDamping: 0.01
  m_AngularDamping: 0.05
  m_InitialLinearVelocity:
    x: 0
    y: 0
    z: 0
  m_InitialAngularVelocity:
    x: 0
    y: 0
    z: 0
  m_GravityFactor: 1
  m_OverrideDefaultMassDistribution: 0
  m_CenterOfMass:
    x: 0
    y: 0
    z: 0
  m_Orientation:
    Value:
      x: 0
      y: 0
      z: 0
    RotationOrder: 4
  m_InertiaTensor:
    x: 0.4
    y: 0.4
    z: 0.4
  m_CustomTags:
    Tag00: 0
    Tag01: 0
    Tag02: 0
    Tag03: 0
    Tag04: 0
    Tag05: 0
    Tag06: 0
    Tag07: 0
--- !u!114 &2447835791514012109
MonoBehaviour:
  m_ObjectHideFlags: 0
  m_CorrespondingSourceObject: {fileID: 0}
  m_PrefabInstance: {fileID: 0}
  m_PrefabAsset: {fileID: 0}
  m_GameObject: {fileID: 2897078178137139306}
  m_Enabled: 1
  m_EditorHideFlags: 0
  m_Script: {fileID: 11500000, guid: ffe5b14628714e049c21a1f0e8553766, type: 3}
  m_Name: 
  m_EditorClassIdentifier: 
  sortIndex: 0
  deathPrefab: {fileID: 0}
--- !u!114 &-8865806540465542690
MonoBehaviour:
  m_ObjectHideFlags: 0
  m_CorrespondingSourceObject: {fileID: 0}
  m_PrefabInstance: {fileID: 0}
  m_PrefabAsset: {fileID: 0}
  m_GameObject: {fileID: 2897078178137139306}
  m_Enabled: 1
  m_EditorHideFlags: 0
  m_Script: {fileID: 11500000, guid: 6f075efa644d3a04b9cbe8b76049da68, type: 3}
  m_Name: 
  m_EditorClassIdentifier: 
  positionOffset:
    x: 0
    y: 0
    z: 0
--- !u!114 &277386729483281811
MonoBehaviour:
  m_ObjectHideFlags: 0
  m_CorrespondingSourceObject: {fileID: 0}
  m_PrefabInstance: {fileID: 0}
  m_PrefabAsset: {fileID: 0}
  m_GameObject: {fileID: 2897078178137139306}
  m_Enabled: 1
  m_EditorHideFlags: 0
  m_Script: {fileID: 11500000, guid: b35bc131403943b182fe9136d30e2c86, type: 3}
  m_Name: 
  m_EditorClassIdentifier: 
  ConnectedBody: {fileID: 0}
  EnableCollision: 0
  LockLinearAxes:
    x: 0
    y: 0
    z: 1
  LockAngularAxes:
    x: 1
    y: 1
    z: 0
